<record><leader>00000cas a2200000 a 4500</leader><controlfield tag="001">27701927</controlfield><controlfield tag="008">930310d18901924iludn ne      0    0eng c</controlfield><controlfield tag="009">11088</controlfield><datafield ind1=" " ind2=" " tag="010"><subfield code="a">sn 93055526 </subfield></datafield><datafield ind1=" " ind2=" " tag="040"><subfield code="a">NVF</subfield><subfield code="b">eng</subfield><subfield code="c">NVF</subfield><subfield code="d">NVF</subfield><subfield code="d">OCLCF</subfield><subfield code="d">OCLCO</subfield></datafield><datafield ind1="1" ind2=" " tag="029"><subfield code="a">AU@</subfield><subfield code="b">000020724834</subfield></datafield><datafield ind1=" " ind2=" " tag="042"><subfield code="a">pcc</subfield></datafield><datafield ind1=" " ind2=" " tag="043"><subfield code="a">n-us-il</subfield></datafield><datafield ind1="0" ind2=" " tag="130"><subfield code="a">Monmouth daily review (Monmouth, Ill. : 1890)</subfield></datafield><datafield ind1="1" ind2="4" tag="245"><subfield code="a">The Monmouth daily review.</subfield></datafield><datafield ind1=" " ind2=" " tag="260"><subfield code="a">Monmouth, Ill. :</subfield><subfield code="b">Irwin A. Ewing,</subfield><subfield code="c">1890-1924.</subfield></datafield><datafield ind1=" " ind2=" " tag="300"><subfield code="a">v.</subfield></datafield><datafield ind1=" " ind2=" " tag="310"><subfield code="a">Daily (except Sunday)</subfield></datafield><datafield ind1="0" ind2=" " tag="362"><subfield code="a">Vol. 1, no. 286 (Oct. 30, 1890)-v. 27, no. 22 (Dec. 27, 1916) ; 62nd year, no. 1 (Dec. 28, 1916)-69th year, no. 170 (July 19, 1924).</subfield></datafield><datafield ind1=" " ind2=" " tag="530"><subfield code="a">Preservation microfilmed by the University of Illinois at Urbana-Champaign Library as part of the United States Newspaper Program; the year 1921 (on 1 microfilm reel) is available for purchase from OCLC Preservation Service Centers.</subfield></datafield><datafield ind1=" " ind2=" " tag="580"><subfield code="a">Merged with: Monmouth daily atlas, to form: Monmouth review atlas.</subfield></datafield><datafield ind1=" " ind2="0" tag="651"><subfield code="a">Monmouth (Ill.)</subfield><subfield code="v">Newspapers.</subfield></datafield><datafield ind1=" " ind2="7" tag="655"><subfield code="a">Newspapers.</subfield><subfield code="2">fast</subfield><subfield code="0">(OCoLC)fst01423814</subfield></datafield><datafield ind1=" " ind2="7" tag="651"><subfield code="a">Illinois</subfield><subfield code="z">Monmouth.</subfield><subfield code="2">fast</subfield><subfield code="0">(OCoLC)fst01217743</subfield></datafield><datafield ind1=" " ind2=" " tag="752"><subfield code="a">United States</subfield><subfield code="b">Illinois</subfield><subfield code="c">Warren</subfield><subfield code="d">Monmouth.</subfield></datafield><datafield ind1="0" ind2=" " tag="775"><subfield code="t">Monmouth review (Monmouth, Ill. : Weekly)</subfield><subfield code="w">(DLC)sn 93055522</subfield><subfield code="w">(OCoLC)27701442</subfield></datafield><datafield ind1="0" ind2="0" tag="780"><subfield code="t">Monmouth review (Monmouth, Ill. : Triweekly)</subfield><subfield code="w">(DLC)sn 93055525</subfield><subfield code="w">(OCoLC)27701806</subfield></datafield><datafield ind1="0" ind2="5" tag="780"><subfield code="t">Evening journal (Monmouth, Ill.)</subfield></datafield><datafield ind1="1" ind2="7" tag="785"><subfield code="t">Monmouth daily atlas</subfield><subfield code="w">(DLC)sn2004061943</subfield><subfield code="w">(OCoLC)55659973</subfield></datafield><datafield ind1="1" ind2="7" tag="785"><subfield code="t">Monmouth review atlas</subfield><subfield code="w">(DLC)sn 93055528</subfield><subfield code="w">(OCoLC)27702214</subfield></datafield></record>